<?xml version="1.0" encoding="UTF-8"?><collection xmlns="http://www.loc.gov/MARC21/slim"><record><leader>00436nam--2200157-i-4500</leader><controlfield tag="001">000010920</controlfield><controlfield tag="002">20161230</controlfield><controlfield tag="005">20170115162436</controlfield><controlfield tag="008">060222s1000------------r-----000-0-eng-d</controlfield><datafield ind1=" " ind2=" " tag="080"><subfield code="a">624.04:681.14</subfield></datafield><datafield ind1=" " ind2=" " tag="245"><subfield code="a">Calculul structurilor la calculatoare electronice. Traducere din limba franceza</subfield></datafield><datafield ind1=" " ind2=" " tag="260"><subfield code="a">Bucuresti</subfield><subfield code="b">Editura Tehnica</subfield><subfield code="c">1972</subfield></datafield><datafield ind1=" " ind2=" " tag="300"><subfield code="a">583 p</subfield></datafield><datafield ind1=" " ind2=" " tag="700"><subfield code="a">Massonnet, Ch</subfield></datafield><datafield ind1=" " ind2=" " tag="852"><subfield code="a">40238</subfield></datafield><datafield ind1=" " ind2=" " tag="CAT"><subfield code="a">SYS</subfield><subfield code="c">20170115</subfield><subfield code="h">162436</subfield></datafield></record></collection>